@MISC{EIP20,
    HOWPUBLISHED = "\url{https://eips.ethereum.org/EIPS/eip-20}",
    AUTHOR = "Fabian Vogelsteller, Vitalik Buterin",
    TITLE = "EIP-20: Token Standard, Ethereum Improvement Proposals",
    MONTH = "November",
    YEAR = "2015",
    NOTE = "Accessed on 2022-05-02"
}

@MISC{Dapp,
    HOWPUBLISHED = "\url{https://www.youtube.com/watch?v=XdKv5uwEk5A}",
    AUTHOR = "Dapp University",
    TITLE = "Code Your Own Cryptocurrency on Ethereum",
    MONTH = "May",
    YEAR = "2018",
    NOTE = "Accessed on 2022-05-02"
}

@MISC{CCN,
    HOWPUBLISHED = "\url{https://computecoin-network.gitbook.io/computecoin/computecoin/about-computecoin-ccn}",
    AUTHOR = "Compute Coin",
    TITLE = "Intro to Computecoin",
    MONTH = "May",
    YEAR = "2021",
    NOTE = "Accessed on 2022-05-02"
}